<record><leader>00000cas a2200000 a 4500</leader><controlfield tag="001">12646288</controlfield><controlfield tag="008">851008d18751893iludn ne      0   a0eng c</controlfield><datafield ind1=" " ind2=" " tag="010"><subfield code="a">sn 85034303 </subfield></datafield><datafield ind1=" " ind2=" " tag="040"><subfield code="a">NPU</subfield><subfield code="b">eng</subfield><subfield code="c">NPU</subfield><subfield code="d">NVF</subfield><subfield code="d">OCLCQ</subfield><subfield code="d">NVF</subfield><subfield code="d">CRL</subfield><subfield code="d">NVF</subfield><subfield code="d">OCLCF</subfield><subfield code="d">NVF</subfield></datafield><datafield ind1=" " ind2=" " tag="042"><subfield code="a">pcc</subfield></datafield><datafield ind1=" " ind2=" " tag="043"><subfield code="a">n-us-il</subfield></datafield><datafield ind1="0" ind2=" " tag="130"><subfield code="a">Quincy daily Whig (Quincy, Ill. : 1875)</subfield></datafield><datafield ind1="1" ind2="4" tag="245"><subfield code="a">The Quincy daily Whig.</subfield></datafield><datafield ind1=" " ind2=" " tag="260"><subfield code="a">Quincy, Ill. :</subfield><subfield code="b">[publisher not identified],</subfield><subfield code="c">1875-1893.</subfield></datafield><datafield ind1="3" ind2=" " tag="260"><subfield code="3">&lt;Jan. 2, 1880&gt;-July 22, 1893</subfield><subfield code="a">Quincy, Ill. :</subfield><subfield code="b">D. Wilcox &amp; sons</subfield></datafield><datafield ind1=" " ind2=" " tag="300"><subfield code="a">v.</subfield></datafield><datafield ind1=" " ind2=" " tag="310"><subfield code="a">Daily (except Monday),</subfield><subfield code="b">Oct. 2, 1881-July 22, 1893</subfield></datafield><datafield ind1=" " ind2=" " tag="321"><subfield code="a">Daily (except Sunday),</subfield><subfield code="b">Aug. 23, 1875-Oct. 1, 1881</subfield></datafield><datafield ind1="0" ind2=" " tag="362"><subfield code="a">Vol. 24, no. 132 (Aug. 23, 1875)-v. 54, no. 351 (July 22, 1893).</subfield></datafield><datafield ind1=" " ind2=" " tag="515"><subfield code="a">Volume numbering irregular.</subfield></datafield><datafield ind1=" " ind2=" " tag="530"><subfield code="a">Available on microfilm;</subfield><subfield code="b">Readex Film Products.</subfield></datafield><datafield ind1=" " ind2="0" tag="651"><subfield code="a">Quincy (Ill.)</subfield><subfield code="v">Newspapers.</subfield></datafield><datafield ind1=" " ind2="7" tag="651"><subfield code="a">Illinois</subfield><subfield code="z">Quincy.</subfield><subfield code="2">fast</subfield><subfield code="0">(OCoLC)fst01212078</subfield></datafield><datafield ind1=" " ind2="7" tag="655"><subfield code="a">Newspapers.</subfield><subfield code="2">fast</subfield><subfield code="0">(OCoLC)fst01423814</subfield></datafield><datafield ind1=" " ind2=" " tag="752"><subfield code="a">United States</subfield><subfield code="b">Illinois</subfield><subfield code="c">Adams County</subfield><subfield code="d">Quincy.</subfield></datafield><datafield ind1="0" ind2=" " tag="775"><subfield code="t">Quincy weekly Whig (Quincy, Ill. : 1875)</subfield><subfield code="w">(DLC)sn 82014561</subfield><subfield code="w">(OCoLC)8792742</subfield></datafield><datafield ind1="0" ind2="0" tag="780"><subfield code="t">Quincy Whig (Quincy, Ill. : Daily)</subfield><subfield code="w">(DLC)sn 83045748</subfield><subfield code="w">(OCoLC)9630312</subfield></datafield><datafield ind1="0" ind2="0" tag="785"><subfield code="t">Quincy morning Whig</subfield><subfield code="w">(DLC)sn 92054614</subfield><subfield code="w">(OCoLC)26059826</subfield></datafield><datafield ind1="1" ind2=" " tag="029"><subfield code="a">AU@</subfield><subfield code="b">000020656969</subfield></datafield></record>